% ------------------------------------------------------------------------
% SAMPLE BIBLIOGRAPHY FILE
% ------------------------------------------------------------------------
% ------------------------------------------------------------------------
% SAMPLE BIBLIOGRAPHY FILE
% ------------------------------------------------------------------------
\RequirePackage{filecontents}
\begin{filecontents*}{\jobname.bib}

@article{hewish1968observation,
  title={Observation of a rapidly pulsating radio source},
  author={Hewish, Antony and Bell, S Jocelyn and Pilkington, JDH and Scott, Paul Frederick and Collins, Robin Ashley},
  journal={Nature},
  volume={217},
  number={5130},
  pages={709--713},
  year={1968},
  publisher={Springer}
}

@article{hewish1964detection,
  title={Detection of Fine Structure in the Crab Nebula at 38 Mc/s},
  author={Hewish, A and Okoye, SE},
  journal={Nature},
  volume={203},
  number={4941},
  pages={171--171},
  year={1964},
  publisher={Nature Publishing Group}
}

@article{baade1934remarks,
  title={Remarks on super-novae and cosmic rays},
  author={Baade, Walter and Zwicky, Fritz},
  journal={Physical Review},
  volume={46},
  number={1},
  pages={76},
  year={1934},
  publisher={APS}
}

@article{oppenheimer1939massive,
  title={On massive neutron cores},
  author={Oppenheimer, J Robert and Volkoff, George M},
  journal={Physical Review},
  volume={55},
  number={4},
  pages={374},
  year={1939},
  publisher={APS}
}


@article{lattimer2001neutron,
  title={Neutron star structure and the equation of state},
  author={Lattimer, JM and Prakash, M},
  journal={The Astrophysical Journal},
  volume={550},
  number={1},
  pages={426},
  year={2001},
  publisher={IOP Publishing}
}

@article{hessels2006radio,
  title={A radio pulsar spinning at 716 Hz},
  author={Hessels, Jason WT and Ransom, Scott M and Stairs, Ingrid H and Freire, Paulo CC and Kaspi, Victoria M and Camilo, Fernando},
  journal={Science},
  volume={311},
  number={5769},
  pages={1901--1904},
  year={2006},
  publisher={American Association for the Advancement of Science}
}

@article{goldreich1969pulsar,
  title={Pulsar electrodynamics},
  author={Goldreich, Peter and Julian, William H},
  journal={The Astrophysical Journal},
  volume={157},
  pages={869},
  year={1969}
}

@article{sturrock1971model,
  title={A model of pulsars},
  author={Sturrock, PA},
  journal={The Astrophysical Journal},
  volume={164},
  pages={529},
  year={1971}
}

@article{pacini1967energy,
  title={Energy emission from a neutron star},
  author={Pacini, Franco},
  journal={Nature},
  volume={216},
  number={5115},
  pages={567--568},
  year={1967},
  publisher={Springer}
}

@article{hassall2012observing,
  title={Observing Pulsars with LOFAR},
  author={Hassall, Tom},
  year={2012},
  publisher={The University of Manchester, Manchester, UK}
}

@article{gunn1970nature,
  title={On the nature of pulsars. III. Analysis of observations},
  author={Gunn, JE and Ostriker, JP},
  journal={The Astrophysical Journal},
  volume={160},
  pages={979},
  year={1970}
}

@article{lyne1994high,
  title={High birth velocities of radio pulsars},
  author={Lyne, AG and Lorimer, DR},
  journal={Nature},
  volume={369},
  number={6476},
  pages={127--129},
  year={1994},
  publisher={Springer}
}

@Article{Lorimer2001,
author="Lorimer, Duncan R.",
title="Binary and Millisecond Pulsars at the New Millennium",
journal="Living Reviews in Relativity",
year={2001},
month="Jun",
day="18",
volume="4",
number="1",
pages="5",
abstract="We review the properties and applications of binary and millisecond pulsars. Our knowledge of these exciting objects has greatly increased in recent years, mainly due to successful surveys which have brought the known pulsar population to over 1300. There are now 56 binary and millisecond pulsars in the Galactic disk and a further 47 in globular clusters. This review is concerned primarily with the results and spin-offs from these surveys which are of particular interest to the relativity community.",
issn="1433-8351",
doi="10.12942/lrr-2001-5",
url="https://doi.org/10.12942/lrr-2001-5"
}

@article{alpar1982new,
  title={A new class of radio pulsars},
  author={Alpar, MA and Cheng, AF and Ruderman, MA and Shaham, J},
  journal={Nature},
  volume={300},
  number={5894},
  pages={728--730},
  year={1982},
  publisher={Springer}
}

@article{backer1982millisecond,
  title={A millisecond pulsar},
  author={Backer, D CêŽ¬ and Kulkarni, Shrinivas R and Heiles, Carl and Davis, MM and Goss, WM},
  journal={Nature},
  volume={300},
  number={5893},
  pages={615--618},
  year={1982},
  publisher={Springer}
}

@article{taylor1982new,
  title={A new test of general relativity-Gravitational radiation and the binary pulsar PSR 1913+ 16},
  author={Taylor, Joseph H and Weisberg, Joel M},
  journal={The Astrophysical Journal},
  volume={253},
  pages={908--920},
  year={1982}
}
@article{burgay2003increased,
  title={An increased estimate of the merger rate of double neutron stars from observations of a highly relativistic system},
  author={Burgay, Marta and D'amico, N and Possenti, A and Manchester, RN and Lyne, AG and Joshi, BC and McLaughlin, MA and Kramer, M and Sarkissian, JM and Camilo, F and others},
  journal={Nature},
  volume={426},
  number={6966},
  pages={531--533},
  year={2003},
  publisher={Nature Publishing Group}
}

@article{camilo2006transient,
  title={Transient pulsed radio emission from a magnetar},
  author={Camilo, Fernando and Ransom, Scott M and Halpern, Jules P and Reynolds, John and Helfand, David J and Zimmerman, Neil and Sarkissian, John},
  journal={Nature},
  volume={442},
  number={7105},
  pages={892--895},
  year={2006},
  publisher={Nature Publishing Group}
}

@article{thompson1993neutron,
  title={Neutron star dynamos and the origins of pulsar magnetism},
  author={Thompson, Christopher and Duncan, Robert C},
  journal={The Astrophysical Journal},
  volume={408},
  pages={194--217},
  year={1993}
}

@article{duncan1992formation,
  title={Formation of very strongly magnetized neutron stars-Implications for gamma-ray bursts},
  author={Duncan, Robert C and Thompson, Christopher},
  journal={The Astrophysical Journal},
  volume={392},
  pages={L9--L13},
  year={1992}
}

@book{lewin2006compact,
  title={Compact stellar X-ray sources},
  author={Lewin, Walter and Van der Klis, Michiel},
  volume={39},
  year={2006},
  publisher={Cambridge University Press}
}

@article{israel2004accurate,
  title={Accurate X-ray position of the anomalous X-ray pulsar XTE J1810--197 and identification of its likely infrared counterpart},
  author={Israel, GL and Rea, N and Mangano, V and Testa, V and Perna, R and Hummel, W and Mignani, R and Ageorges, N and Curto, G Lo and Marco, O and others},
  journal={The Astrophysical Journal Letters},
  volume={603},
  number={2},
  pages={L97},
  year={2004},
  publisher={IOP Publishing}
}

@article{mclaughlin2006transient,
  title={Transient radio bursts from rotating neutron stars},
  author={McLaughlin, Maura A and Lyne, AG and Lorimer, DR and Kramer, M and Faulkner, AJ and Manchester, RN and Cordes, JM and Camilo, F and Possenti, A and Stairs, IH and others},
  journal={Nature},
  volume={439},
  number={7078},
  pages={817--820},
  year={2006},
  publisher={Nature Publishing Group}
}

@PHDTHESIS{2010PhDT.......460K,
   author = {{Keane}, E.~F.},
    title = "{The Transient Radio Sky}",
   school = {University of Manchester},
     year = {2010},
    month = November,
      doi = {10.1007/978-3-642-19627-0},
   adsurl = {http://adsabs.harvard.edu/abs/2010PhDT.......460K},
  adsnote = {Provided by the SAO/NASA Astrophysics Data System}
}

@article{armstrong1995electron,
  title={Electron density power spectrum in the local interstellar medium},
  author={Armstrong, JW and Rickett, BJ and Spangler, SR},
  journal={The Astrophysical Journal},
  volume={443},
  pages={209--221},
  year={1995}
}

@article{field1969cosmic,
  title={Cosmic-ray heating of the interstellar gas},
  author={Field, GB and Goldsmith, DW and Habing, HJ},
  journal={The Astrophysical Journal},
  volume={155},
  pages={L149},
  year={1969}
}

@article{mckee1977theory,
  title={A theory of the interstellar medium-Three components regulated by supernova explosions in an inhomogeneous substrate},
  author={McKee, Christopher F and Ostriker, Jeremiah P},
  journal={The Astrophysical Journal},
  volume={218},
  pages={148--169},
  year={1977}
}

@book{lyne2012pulsar,
  title={Pulsar astronomy},
  author={Lyne, Andrew and Graham-Smith, Francis},
  number={48},
  year={2012},
  publisher={Cambridge University Press}
}

@article{rickett1975radio,
  title={The radio spectrum of micropulses from pulsar PSR 0950+ 08},
  author={Rickett, BJ and Hankins, TH and Cordes, JM},
  journal={The Astrophysical Journal},
  volume={201},
  pages={425--430},
  year={1975},
}

@article{ruderman1975theory,
  title={Theory of pulsars-Polar caps, sparks, and coherent microwave radiation},
  author={Ruderman, Malvin A and Sutherland, Pg G},
  journal={The Astrophysical Journal},
  volume={196},
  pages={51--72},
  year={1975}
}

@ARTICLE{2002astro.ph..7156C,
   author = {{Cordes}, J.~M. and {Lazio}, T.~J.~W.},
    title = "{NE2001.I. A New Model for the Galactic Distribution of Free Electrons and its Fluctuations}",
  journal = {ArXiv Astrophysics e-prints},
   eprint = {astro-ph/0207156},
 keywords = {Astrophysics},
     year = {2002}  
}

@article{large1971search,
  title={A search of the galactic plane for high dispersion pulsars},
  author={Large, MI and Vaughan, AE},
  journal={Monthly Notices of the Royal Astronomical Society},
  volume={151},
  number={3},
  pages={277--287},
  year={1971},
  publisher={Oxford University Press}
}

@book{lorimer2005handbook,
  title={Handbook of pulsar astronomy},
  author={Lorimer, Duncan Ross and Kramer, Michael},
  volume={4},
  year={2005},
  publisher={Cambridge University Press}
}

@article{williamson1972pulse,
  title={Pulse broadening due to multiple scattering in the interstellar medium},
  author={Williamson, Ian P},
  journal={Monthly Notices of the Royal Astronomical Society},
  volume={157},
  number={1},
  pages={55--71},
  year={1972},
  publisher={Oxford University Press Oxford, UK}
}

@inproceedings{manchester2017pulsar,
  title={Pulsar timing and its applications},
  author={Manchester, RN},
  booktitle={Journal of Physics: Conference Series},
  volume={932},
  number={1},
  pages={012002},
  year={2017},
  organization={IOP Publishing}
}

@article{edwards2006tempo2,
  title={tempo2, a new pulsar timing package--II. The timing model and precision estimates},
  author={Edwards, Russell T and Hobbs, GB and Manchester, RN},
  journal={Monthly Notices of the Royal Astronomical Society},
  volume={372},
  number={4},
  pages={1549--1574},
  year={2006},
  publisher={Blackwell Publishing Ltd Oxford, UK}
}

@techreport{mccarthy2004iers,
  title={IERS conventions (2003)},
  author={McCarthy, Dennis D and Petit, Gerard},
  year={2004},
  institution={International Earth Rotation And Reference Systems Service (IERS)(Germany)}
}


@article{hobbs2009pulsar,
  title={Pulsar timing array projects},
  author={Hobbs, G},
  journal={Proceedings of the International Astronomical Union},
  volume={5},
  number={S261},
  pages={228--233},
  year={2009},
  publisher={Cambridge University Press}
}

@article{hobbs2010international,
  title={The international pulsar timing array project: using pulsars as a gravitational wave detector},
  author={Hobbs, G and Archibald, A and Arzoumanian, Z and Backer, D and Bailes, M and Bhat, NDR and Burgay, M and Burke-Spolaor, S and Champion, D and Cognard, I and others},
  journal={Classical and Quantum Gravity},
  volume={27},
  number={8},
  pages={084013},
  year={2010},
  publisher={IOP Publishing}
}

%chapter3

@article{van2013lofar,
  title={LOFAR: The low-frequency array},
  author={van Haarlem, M {\'a}P and Wise, MW and Gunst, AW and Heald, George and McKean, JP and Hessels, JWT and De Bruyn, AG and Nijboer, Ronald and Swinbank, John and Fallows, Richard and others},
  journal={Astronomy \& Astrophysics},
  volume={556},
  pages={A2},
  year={2013},
  publisher={EDP Sciences}
}

@article{stappers2011observing,
  title={Observing pulsars and fast transients with LOFAR},
  author={Stappers, BW and Hessels, JWT and Alexov, A and Anderson, K and Coenen, T and Hassall, T and Karastergiou, A and Kondratiev, VI and Kramer, M and Van Leeuwen, J and others},
  journal={Astronomy \& astrophysics},
  volume={530},
  pages={A80},
  year={2011},
  publisher={EDP Sciences}
}

@inproceedings{gunst2010lofar,
  title={The LOFAR phased array telescope system},
  author={Gunst, Andr{\'e} W and Bentum, Mark J},
  booktitle={Phased Array Systems and Technology (ARRAY), 2010 IEEE International Symposium on},
  pages={632--639},
  year={2010},
  organization={IEEE}
}


\end{filecontents*}
